@manual{sample,
  organization = {TU Dortmund, Delta},
  url = {https://delta.tu-dortmund.de/storages/delta/r/Studium/Lehrveranstaltungen/Versuche/Vakuumversuch_V70/Versuchsbeschreibung_Vakuumversuch_V70.pdf},
  urldate = {2024-4-11},
  title = {Versuchsbeschreibung},
  year = 2024
}

@book{handbuch,
  title = {Handbuch Vakuumtechnik},
  author = {Max Wutz; Herrmann Adam; Wilhelm Walcher; Karl Jousten},
  year = {2000},
  publisher = {Vieweg+Teubner Verlag}
}

@manual{cern,
  organization = {Cern, Cern Accelerator School},
  url = {https://cds.cern.ch/record/923393/files/CERN-2007-003.pdf?version=1},
  urldate = {2024-4-11},
  title = {Vacuum in Accelerators},
  year = 2006
}

@manual{pfeiffer,
  organization = {PFeiffer},
  url = {https://know-how-book.pfeiffer-vacuum.com/de/},
  urldate = {2024-4-23},
  title = {Vacuum in Accelerators},
}